
@inbook{datamining,
    title={Data Mining},
    DOI={10.1007/978-3-319-14142-8},
    author={Aggarwal, Charu C.},
    year={2015},
    pages={18-19}
}
@article{NNClassifier,
    author = {Elkan, Charles},
    year = {2011},
    month = {02},
    pages = {},
    title = {Nearest Neighbor Classification},
    doi = {10.1007/978-0-387-39940-9_2920}
}

@book{godbook,
    author = {Silva, Thiago and Zhao, Liang},
    year = {2016},
    month = {01},
    pages = {106-107},
    title = {Machine Learning in Complex Networks},
    isbn = {978-3-319-17290-3},
    doi = {10.1007/978-3-319-17290-3}
}

@article{NNN, title={Nearest Neighbor Networks: clustering expression data based on gene neighborhoods}, volume={8}, DOI={10.1186/1471-2105-8-250}, number={1}, journal={BMC Bioinformatics}, author={Huttenhower, Curtis and Flamholz, Avi I and Landis, Jessica N and Sahi, Sauhard and Myers, Chad L and Olszewski, Kellen L and Hibbs, Matthew A and Siemers, Nathan O and Troyanskaya, Olga G and Coller, Hilary A and et al.}, year={2007}, pages={250}}

@book{lrntet,
title={Computing and Combinatorics},
url={https://link.springer.com/book/10.1007/978-3-319-62389-4},
journal={SpringerLink}
}

@article{easeofaccess,
author = {Cupertino, Thiago and Zhao, Liang and Carneiro, Murillo},
year = {2015},
month = {02},
pages = {86-92},
title = {Network-based supervised data classification by using an heuristic of ease of access},
volume = {149},
journal = {Neurocomputing},
doi = {10.1016/j.neucom.2014.03.071}
}

@misc{delegates, 
    title={Delegates - C# Programming Guide}, url={https://docs.microsoft.com/en-us/dotnet/csharp/programming-guide/delegates/},
    journal={Delegates - C# Programming Guide | Microsoft Docs}, author={BillWagner}
    }
    
   
   @article{erdos59a,
  added-at = {2010-05-05T00:38:27.000+0200},
  author = {Erd\"{o}s, P. and R\'{e}nyi, A.},
  biburl = {https://www.bibsonomy.org/bibtex/25aab47a7be9ec47644735f8e0a4607b6/alex},
  interhash = {99061fc859ba540d4485abfbce44f298},
  intrahash = {5aab47a7be9ec47644735f8e0a4607b6},
  journal = {Publicationes Mathematicae Debrecen},
  keywords = {graph sna},
  pages = 290,
  timestamp = {2010-05-05T00:38:27.000+0200},
  title = {On Random Graphs I},
  volume = 6,
  year = 1959
}


@article{b_matcing,
  author = {Jebara, Tony and Wang, Jun and Chang, S.},
  year = {2009},
  month = {01},
  pages = {},
  title = {Graph construction and b-matching for semi-supervised learning},
  journal = {Proceedings of the 26th International Conference On Machine Learning, ICML 2009},
  doi = {10.1145/1553374.1553432}
}

@article{linear_neighborhood,
  author = {Wang, Fei and Zhang, Changshui},
  year = {2008},
  month = {02},
  pages = {55-67},
  title = {Label propagation through linear neighborhoods. IEEE Trans Knowl Data Eng},
  volume = {20},
  journal = {Knowledge and Data Engineering, IEEE Transactions on},
  doi = {10.1109/TKDE.2007.190672}
}

@inproceedings{relaxed_neghborhood_network,
    title = "A Graph-based Semi-Supervised Learning for Question-Answering",
    author = "Celikyilmaz, Asli  and
      Thint, Marcus  and
      Huang, Zhiheng",
    booktitle = "Proceedings of the Joint Conference of the 47th Annual Meeting of the {ACL} and the 4th International Joint Conference on Natural Language Processing of the {AFNLP}",
    month = aug,
    year = "2009",
    address = "Suntec, Singapore",
    publisher = "Association for Computational Linguistics",
    url = "https://www.aclweb.org/anthology/P09-1081",
    pages = "719--727",
}

@article{clustering_construction,
  author = {Lancichinetti, Andrea and Fortunato, Santo},
  year = {2012},
  month = {03},
  pages = {336},
  title = {Consensus clustering in complex networks},
  volume = {2},
  journal = {Scientific reports},
  doi = {10.1038/srep00336}
}

@inproceedings{histograms_network,
author = {Silva, Thiago and Zhao, Liang},
year = {2007},
month = {10},
pages = {925-932},
title = {Pixel Clustering by Using Complex Network Community Detection Technique},
doi = {10.1109/ISDA.2007.4389726}
}

@article{protien_interaction,
    author = {Segal, E. and Wang, H. and Koller, D.},
    title = "{Discovering molecular pathways from protein interaction
and gene expression data}",
    journal = {Bioinformatics},
    volume = {19},
    number = {suppl_1},
    pages = {i264-i272},
    year = {2003},
    month = {07},
    issn = {1367-4803},
    doi = {10.1093/bioinformatics/btg1037},
    url = {https://doi.org/10.1093/bioinformatics/btg1037},
    eprint = {https://academic.oup.com/bioinformatics/article-pdf/19/suppl\_1/i264/615521/btg1037.pdf},
}


@INPROCEEDINGS{reseatch_llinks,
    author = {Sofus A. Macskassy and Foster Provost},
    title = {A Simple Relational Classifier},
    booktitle = {Proceedings of the Second Workshop on Multi-Relational Data Mining (MRDM-2003) at KDD-2003},
    year = {2003},
    pages = {64--76}
}

@inproceedings{subgraph_induction,
    author = {Faloutsos, Christos and McCurley, Kevin and Tomkins, Andrew},
    year = {2004},
    month = {01},
    pages = {118-127},
    title = {Fast discovery of connection subgraphs},
    journal = {KDD-2004 - Proceedings of the Tenth ACM SIGKDD International Conference on Knowledge Discovery and Data Mining},
    doi = {10.1145/1014052.1014068}
}

@article{collective_classification,
    author = {Mcdowell, Luke and Gupta, Kalyan and Aha, David},
    year = {2009},
    month = {12},
    pages = {2777-2836},
    title = {Cautious Collective Classification},
    volume = {10},
    journal = {Journal of Machine Learning Research},
    doi = {10.1145/1577069.1755879}
}



@misc{iris,
  author = {Michael Marshall},
  url = {https://archive.ics.uci.edu/ml/datasets/Iris}
}

@misc{E.Coli,
  author = {Kenta Nakai},
  url = {https://archive.ics.uci.edu/ml/datasets/ecoli}
}


@misc{glass,
  author = {B. German},
  url = {https://archive.ics.uci.edu/ml/datasets/Glass+Identification}
}

@misc{wine,
  author = {Paulo Cortez},
  url = {https://archive.ics.uci.edu/ml/datasets/wine+quality}
}


@misc{wine_auality,
  author = {Forina, M. et al},
  url = {http://archive.ics.uci.edu/ml/datasets/wine}
}


@misc{vehicle,
  author = {Drs.Pete Mowforth and Barry Shepherd},
  url = {https://archive.ics.uci.edu/ml/datasets/Statlog+(Vehicle+Silhouettes)}
}
